<?xml version="1.0" encoding="UTF-8"?><record xmlns="http://www.loc.gov/MARC21/slim" xmlns:cinclude="http://apache.org/cocoon/include/1.0" xmlns:zs="http://www.loc.gov/zing/srw/">
  <leader>00409nz  a2200133n  4500</leader>
  <controlfield tag="001">n  88655026 </controlfield>
  <controlfield tag="003">DLC</controlfield>
  <controlfield tag="005">19880815110952.5</controlfield>
  <controlfield tag="008">880812n| acannaab|          |n aaa ||| c</controlfield>
  <datafield tag="010" ind1=" " ind2=" ">
    <subfield code="a">n  88655026 </subfield>
  </datafield>
  <datafield tag="040" ind1=" " ind2=" ">
    <subfield code="a">ICU</subfield>
    <subfield code="c">ICU</subfield>
  </datafield>
  <datafield tag="100" ind1="1" ind2="0">
    <subfield code="a">Goldman, Malcolm,</subfield>
    <subfield code="d">1929-</subfield>
  </datafield>
  <datafield tag="670" ind1=" " ind2=" ">
    <subfield code="a">His Introduction to probability and statistics, 1970:</subfield>
    <subfield code="b">t.p. (Malcolm Goldman)</subfield>
  </datafield>
  <datafield tag="670" ind1=" " ind2=" ">
    <subfield code="a">LC data base, 8-4-88</subfield>
    <subfield code="b">(hdg.: Goldman, Malcolm, 1929- )</subfield>
  </datafield>
</record>